<record><leader>00000cas a22000007a 4500</leader><controlfield tag="001">12952432</controlfield><controlfield tag="008">851223d19581965utuwr ne      0    0eng d</controlfield><datafield ind1=" " ind2=" " tag="010"><subfield code="a">sn 85058390 </subfield></datafield><datafield ind1=" " ind2=" " tag="040"><subfield code="a">UNP</subfield><subfield code="b">eng</subfield><subfield code="c">UNP</subfield><subfield code="d">OCLCQ</subfield></datafield><datafield ind1=" " ind2=" " tag="042"><subfield code="a">msc</subfield></datafield><datafield ind1=" " ind2="4" tag="050"><subfield code="a">AN2.U8</subfield><subfield code="b">N48</subfield></datafield><datafield ind1="0" ind2=" " tag="130"><subfield code="a">News advertiser (Murray, Utah)</subfield></datafield><datafield ind1="1" ind2="0" tag="245"><subfield code="a">News advertiser.</subfield></datafield><datafield ind1="1" ind2="7" tag="246"><subfield code="a">Eagle-news-advertiser</subfield></datafield><datafield ind1="1" ind2="7" tag="246"><subfield code="a">Eagle-advertiser</subfield></datafield><datafield ind1="1" ind2="7" tag="246"><subfield code="a">Murray eagle and the news advertiser</subfield></datafield><datafield ind1=" " ind2=" " tag="260"><subfield code="a">[Murray, Utah :</subfield><subfield code="b">J.M. Cornwell],</subfield><subfield code="c">1958-1965.</subfield></datafield><datafield ind1=" " ind2=" " tag="300"><subfield code="a">8 v. :</subfield><subfield code="b">ill. ;</subfield><subfield code="c">58 cm.</subfield></datafield><datafield ind1=" " ind2=" " tag="310"><subfield code="a">Weekly</subfield></datafield><datafield ind1="0" ind2=" " tag="362"><subfield code="a">Vol. 1, no. 1 (Mar. 6, 1958)-v. 8, no. 3 (Mar. 11, 1965).</subfield></datafield><datafield ind1=" " ind2=" " tag="500"><subfield code="a">Called: West Valley edition, Feb. 4, 1960-Mar. 11, 1965.</subfield></datafield><datafield ind1=" " ind2=" " tag="580"><subfield code="a">Printed at office of: Murray eagle.</subfield></datafield><datafield ind1="0" ind2="0" tag="785"><subfield code="t">Green sheet, news advertiser (Murray, Utah : West Valley ed.)</subfield><subfield code="w">(DLC)sn 85058389</subfield><subfield code="w">(OCoLC)12952342</subfield></datafield><datafield ind1="1" ind2=" " tag="787"><subfield code="t">Murray eagle</subfield><subfield code="w">(DLC)sn 85058388</subfield><subfield code="w">(OCoLC)12902128</subfield></datafield></record>